%------------------------------------------------------------------------------------------------------------
% 						PhD Thesis - Project 3
% 				Oil Supply News and Sovereign Default Risk: 
% 				Exploring the Link in Oil Exporting Economies
%------------------------------------------------------------------------------------------------------------
% 1. Theoretical model
%------------------------------------------------------------------------------------------------------------
@article{aguiar2022self,
  title={Self-fulfilling debt crises, revisited},
  author={Aguiar, Mark and Chatterjee, Satyajit and Cole, Harold and Stangebye, Zachary},
  journal={Journal of Political Economy},
  volume={130},
  number={5},
  pages={1147--1183},
  year={2022},
  publisher={The University of Chicago Press Chicago, IL}
}
@article{benzeev2017emerging,
  title={Emerging economies business cycles: The role of commodity terms of trade news},
  author={Ben Zeev, Nadav and Pappa, Evi and Vicondoa, Alejandro},
  journal={Journal of International Economics},
  volume={108},
  pages={368--376},
  year={2017},
  publisher={Elsevier}
}
@article{bocola2019self,
  title={Self-fulfilling debt crises: A quantitative analysis},
  author={Bocola, Luigi and Dovis, Alessandro},
  journal={American Economic Review},
  volume={109},
  number={12},
  pages={4343--77},
  year={2019}
}
@article{calvo1988servicing,
  title={Servicing the public debt: The role of expectations},
  author={Calvo, Guillermo A},
  journal={The American Economic Review},
  pages={647--661},
  year={1988},
  publisher={JSTOR}
}
@article{cole2000self,
  title={Self-fulfilling debt crises},
  author={Cole, Harold L and Kehoe, Timothy J},
  journal={The Review of Economic Studies},
  volume={67},
  number={1},
  pages={91--116},
  year={2000},
  publisher={Wiley-Blackwell}
}
@article{conesa2017gambling,
  title={Gambling for redemption and self-fulfilling debt crises},
  author={Conesa, Juan Carlos and Kehoe, Timothy J},
  journal={Economic Theory},
  volume={64},
  number={4},
  pages={707--740},
  year={2017},
  publisher={Springer}
}
@article{corsetti2023debt,
  title={Debt crises, fast and slow},
  author={Corsetti, Giancarlo and Maeng, Seung Hyun},
  journal={Robert Schuman Centre for Advanced Studies Research Paper},
  volume={15},
  year={2023}
}
@article{durdu2013news,
  title={News and sovereign default risk in small open economies},
  author={Durdu, C Bora and Nunes, Ricardo and Sapriza, Horacio},
  journal={Journal of International Economics},
  volume={91},
  number={1},
  pages={1--17},
  year={2013},
  publisher={Elsevier}
}
@article{eaton1981debt,
  title={Debt with potential repudiation: Theoretical and empirical analysis},
  author={Eaton, Jonathan and Gersovitz, Mark},
  journal={The Review of Economic Studies},
  volume={48},
  number={2},
  pages={289--309},
  year={1981},
  publisher={Wiley-Blackwell}
}
@techreport{esquivel2022sovereign,
  title={Sovereign Risk and Dutch Disease},
  author={Esquivel, Carlos},
  institution={Rutgers University},
  year={2022}
}
@article{esquivel2023sovereign,
  title={The Sovereign Default Risk of Giant Oil Discoveries},
  author={Esquivel, Carlos},
  journal={Mimeo, Rutgers University},
  year={2023}
}
@article{galli2021self,
  title={Self-fulfilling debt crises, fiscal policy and investment},
  author={Galli, Carlo},
  journal={Journal of International Economics},
  volume={131},
  pages={103475},
  year={2021},
  publisher={Elsevier}
}
@techreport{hamann2023natural,
  title={Natural Resources and Sovereign Risk in Emerging Economies: A Curse and a Blessing},
  author={Hamann, Franz and Mendez-Vizcaino, Juan Camilo and Mendoza, Enrique G and Restrepo-Echavarria, Paulina},
  year={2023},
  institution={National Bureau of Economic Research}
}
@article{lorenzoni2019slow,
  title={Slow moving debt crises},
  author={Lorenzoni, Guido and Werning, Ivan},
  journal={American Economic Review},
  volume={109},
  number={9},
  pages={3229--3263},
  year={2019},
  publisher={American Economic Association 2014 Broadway, Suite 305, Nashville, TN 37203}
}
@article{pekarski2021default,
  title={Default Costs And Self-Fulfilling Fiscal Limits In A Small Open Economy},
  author={Pekarski, Sergey and Sokolova, Anna},
  journal={Higher School of Economics Research Paper No. WP BRP},
  volume={243},
  year={2021}
}
%------------------------------------------------------------------------------------------------------------
% 2. Empirical part
%------------------------------------------------------------------------------------------------------------
@article{aguiar2007emerging,
  title={Emerging market business cycles: The cycle is the trend},
  author={Aguiar, Mark and Gopinath, Gita},
  journal={Journal of political Economy},
  volume={115},
  number={1},
  pages={69--102},
  year={2007},
  publisher={The University of Chicago Press}
}
@article{aizenman2016fundamentals,
  title={{Fundamentals and Sovereign Risk of Emerging Markets}},
  author={Aizenman, Joshua and Jinjarak, Yothin and Park, Donghyun},
  journal={Pacific Economic Review},
  volume={21},
  number={2},
  pages={151--177},
  year={2016},
  publisher={Wiley Online Library}
}
@article{alberola2017,
  author={Alberola, Enrique and Benigno, Gianluca},
  title={{Revisiting the Commodity Curse: A Financial Perspective}},
  journal={Journal of International Economics},
  year=2017,
  volume={108},
  number={S1},
  pages={87-106}
}
@article{ali2018anticipated,
  title={Anticipated versus unanticipated terms of trade shocks and the J-curve phenomenon},
  author={Ali, Syed Zahid and Anwar, Sajid},
  journal={Journal of International Money and Finance},
  volume={81},
  pages={1--19},
  year={2018},
  publisher={Elsevier}
}
@TechReport{alturki2021impact,
  author={Alturki,Sultan Abdulaziz M and Hibbert,Ann Marie},
  title={{The Impact of Oil Shocks on Sovereign Default Risk}},
  year=2021,
  month=Feb,
  institution={The World Bank},
  type={Policy Research Working Paper Series},
  url={https://ideas.repec.org/p/wbk/wbrwps/9546.html},
  number={9546},
}
@article{alsalman2023oil,
  title={Oil news shocks and the US stock market},
  author={Alsalman, Zeina and Herrera, Ana Mar{\'\i}a and Rangaraju, Sandeep Kumar},
  journal={Energy Economics},
  volume={126},
  pages={106891},
  year={2023},
  publisher={Elsevier}
}
@article{alsalman2023oilb,
  title={Oil price shocks and US unemployment: evidence from disentangling the duration of unemployment spells in the labor market},
  author={Alsalman, Zeina},
  journal={Empirical Economics},
  volume={65},
  number={1},
  pages={479--511},
  year={2023},
  publisher={Springer}
}
@article{andrieș2021covid,
  title={{The COVID-19 Pandemic and Sovereign Bond Risk}},
  author={Andrieș, Alin Marius and Ongena, Steven and Sprincean, Nicu},
  journal={The North American Journal of Economics and Finance},
  volume={58},
  pages={101527},
  year={2021},
  publisher={Elsevier}
}
@article{Arezki2012,
  author={Rabah Arezki and Markus Brückner},
  title={{Resource Windfalls and Emerging Market Sovereign Bond Spreads: The Role of Political Institutions}},
  journal={The World Bank Economic Review},
  year=2012,
  volume={26},
  number={1},
  pages={78-99}
}
@article{arroyo2023fiscal,
  title={Fiscal Procyclicality in Commodity Exporting Countries: How Much Does It Pour and Why?},
  author={Arroyo, Francisco and Vegh, Carlos A},
  journal={NBER Working Paper},
  number={w31431},
  year={2023}
}
@inproceedings{arru2013emu,
  title={{EMU Sovereign Spreads and Macroeconomic News}},
  author={Arru, Daniela and Iacovoni, Davide and Monteforte, Libero and Pericoli, Filippo Maria},
  booktitle={Public Debt, Global Governance and Economic Dynamism},
  pages={343--363},
  year={2013},
  organization={Springer}
}
@book{aslam2016trading,
  title={{Trading on Their Terms? Commodity Exporters in the Aftermath of the Commodity Boom}},
  author={Aslam, Aqib and Beidas-Strom, Samya and Bems, Mr Rudolfs and Celasun, Oya and {\c{C}}elik, Sinem Kili{\c{c}} and Koczan, Zsoka},
  year={2016},
  publisher={International Monetary Fund}
}
@article{atolia2023world,
  title={{World Commodity Prices and Partial Default in Emerging Markets: An Empirical Analysis}},
  author={Atolia, Manoj and Feng, Shuang},
  journal={Review of World Economics},
  pages={1--37},
  year={2023},
  publisher={Springer}
}
@article{atri2021impact,
  title={{The Impact of COVID-19 News, Panic and Media Coverage on the Oil and Gold Prices: An ARDL Approach}},
  author={Atri, Hanen and Kouki, Saoussen and imen Gallali, Mohamed},
  journal={Resources Policy},
  volume={72},
  pages={102061},
  year={2021},
  publisher={Elsevier}
}
@article{bastourre2012common,
  title={{Common Drivers in Emerging Market Spreads and Commodity Prices}},
  author={Bastourre, Diego and Carrera, Jorge and Ibarlucia, Javier and Sardi, Mariano},
  year={2012},
  volume={52},
  journal={Working Paper - Banco Central de la República Argentina, Investigaciones Económicas}
}
@article{beetsma2013spread,
  title={{Spread the News: The Impact of News on the European Sovereign Bond Markets during the Crisis}},
  author={Beetsma, Roel and Giuliodori, Massimo and De Jong, Frank and Widijanto, Daniel},
  journal={Journal of International Money and Finance},
  volume={34},
  pages={83--101},
  year={2013},
  publisher={Elsevier}
}
@article{beetsma2021revenue,
  title={{Revenue-versus Spending-based Fiscal Consolidation Announcements: Multipliers and Follow-up}},
  author={Beetsma, Roel and Furtuna, Oana and Giuliodori, Massimo and Mumtaz, Haroon},
  journal={Journal of International Economics},
  volume={131},
  pages={103455},
  year={2021},
  publisher={Elsevier}
}
@article{bjornland2016boom,
  title={Boom or gloom? Examining the Dutch disease in two-speed economies},
  author={Bj{\o}rnland, Hilde C and Thorsrud, Leif A},
  journal={The Economic Journal},
  volume={126},
  number={598},
  pages={2219--2256},
  year={2016},
  publisher={Oxford University Press Oxford, UK}
}
@article{boehm2021,
  title={{What Drives the Commodity-sovereign Risk Dependence in Emerging Market Economies?}},
  author={Boehm, Hannes and Eichler, Stefan and Gie{\ss}ler, Stefan},
  journal={Journal of International Money and Finance},
  volume={111},
  pages={102308},
  year={2021},
  publisher={Elsevier}
}
@article{born2024mr,
  title={Mr. Keynes meets the classics: government spending and the real exchange rate},
  author={Born, Benjamin and D’Ascanio, Francesco and M{\"u}ller, Gernot J and Pfeifer, Johannes},
  journal={Journal of Political Economy},
  volume={132},
  number={5},
  pages={000--000},
  year={2024},
  publisher={The University of Chicago Press Chicago, IL}
}
@article{bouri2019commodity,
  title={{Commodity Volatility Shocks and {BRIC} Sovereign Risk: A {GARCH}-quantile Approach}},
  author={Bouri, Elie and Jalkh, Naji and Roubaud, David},
  journal={Resources Policy},
  volume={61},
  pages={385--392},
  year={2019},
  publisher={Elsevier}
}
@article{bouri2020oil,
  title={{Oil Market Conditions and Sovereign Risk in {MENA} Oil Exporters and Importers}},
  author={Bouri, Elie and Kachacha, Imad and Roubaud, David},
  journal={Energy Policy},
  volume={137},
  pages={111073},
  year={2020},
  publisher={Elsevier}
}
@article{bouzgarrou2015does,
  title={{Does News on the Euro Area Impact the Sovereign Yield Spreads?}},
  author={Bouzgarrou, Houssam and Chebbi, Tarek},
  journal={International Journal of Monetary Economics and Finance},
  volume={8},
  number={1},
  pages={4--19},
  year={2015},
  publisher={Inderscience Publishers (IEL)}
}
@article{cai2022macroeconomic,
  title={Macroeconomic outcomes of OPEC and non-OPEC oil supply shocks in the euro area},
  author={Cai, Yifei and Zhang, Dongna and Chang, Tsangyao and Lee, Chien-Chiang},
  journal={Energy Economics},
  volume={109},
  pages={105975},
  year={2022},
  publisher={Elsevier}
}
@article{candelon2023sovereign,
  title={{Sovereign Yield Curves and the COVID-19 in Emerging Markets}},
  author={Candelon, Bertrand and Moura, Rubens},
  journal={Economic Modelling},
  volume={127},
  pages={106453},
  year={2023},
  publisher={Elsevier}
}
@article{caporale2018macro,
  title={{Macro News and Bond Yield Spreads in the Euro Area}},
  author={Caporale, Guglielmo Maria and Spagnolo, Fabio and Spagnolo, Nicola},
  journal={The European Journal of Finance},
  volume={24},
  number={2},
  pages={114--134},
  year={2018},
  publisher={Taylor \& Francis}
}
@article{caraiani2022impact,
  title={The impact of oil supply news shocks on corporate investments and the structure of production network},
  author={Caraiani, Petre},
  journal={Energy Economics},
  volume={110},
  pages={106011},
  year={2022},
  publisher={Elsevier}
}
@article{carrera2023global,
  title={{Global Financial Cycle, Commodity Terms of Trade and Financial Spreads in Emerging Markets and Developing Economies}},
  author={Carrera, Jorge and Montes-Rojas, Gabriel and Toledo, Fernando},
  journal={Structural Change and Economic Dynamics},
  volume={64},
  pages={179--190},
  year={2023},
  publisher={Elsevier}
}
@article{cathcart2020news,
  title={{News Sentiment and Sovereign Credit Risk}},
  author={Cathcart, Lara and Gotthelf, Nina M and Uhl, Matthias and Shi, Yining},
  journal={European Financial Management},
  volume={26},
  number={2},
  pages={261--287},
  year={2020},
  publisher={Wiley Online Library}
}
@article{cayirli2022closer,
  title={{A Closer Look Into the Behavior of Emerging Market Sovereign Spreads: State-dependent and Asymmetric Behaviors}},
  author={Cayirli, Omer and Aktas, Huseyin and Kayalidere, Koray},
  journal={International Review of Economics \& Finance},
  volume={77},
  pages={522--548},
  year={2022},
  publisher={Elsevier}
}
@article{cespedes2012macroeconomic,
  title={{Macroeconomic Performance During Commodity Price Booms and Busts}},
  author={C{\'e}spedes, Luis Felipe and Velasco, Andr{\'e}s},
  journal={IMF Economic Review},
  volume={60},
  number={4},
  pages={570--599},
  year={2012},
  publisher={Springer}
}
@article{cespedes2014was,
  title={{Was This Time Different?: Fiscal Policy in Commodity Republics}},
  author={C{\'e}spedes, Luis Felipe and Velasco, Andr{\'e}s},
  journal={Journal of Development Economics},
  volume={106},
  pages={92--106},
  year={2014},
  publisher={Elsevier}
}
@article{chen2022oil,
  title={{How Do Oil Prices Affect Emerging Market Sovereign Bond Spreads?}},
  author={Chen, Shiu-Sheng and Huang, Shiangtsz and Lin, Tzu-Yu},
  journal={Journal of International Money and Finance},
  volume={128},
  pages={102700},
  year={2022},
  publisher={Elsevier}
}
@article{cheuathonghua2022extreme,
  title={{Extreme Risk Spillovers from Commodity Indexes to Sovereign {CDS} Spreads of Commodity Dependent Countries: A {VAR} Quantile Analysis}},
  author={Cheuathonghua, Massaporn and de Boyrie, Maria E and Pavlova, Ivelina and Wongkantarakorn, Jutamas},
  journal={International Review of Financial Analysis},
  volume={80},
  pages={102033},
  year={2022},
  publisher={Elsevier}
}
@article{chuffart2019investigation,
  title={{An Investigation of Oil Prices Impact on Sovereign Credit Default Swaps in Russia and Venezuela}},
  author={Chuffart, Thomas and Hooper, Emma},
  journal={Energy Economics},
  volume={80},
  pages={904--916},
  year={2019},
  publisher={Elsevier}
}
@article{ciarlone2009emerging,
  title={{Emerging Markets’ Spreads and Global Financial Conditions}},
  author={Ciarlone, Alessio and Piselli, Paolo and Trebeschi, Giorgio},
  journal={Journal of International Financial Markets, Institutions and Money},
  volume={19},
  number={2},
  pages={222--239},
  year={2009},
  publisher={Elsevier}
}
@article{coibion2012can,
  title={What can survey forecasts tell us about information rigidities?},
  author={Coibion, Olivier and Gorodnichenko, Yuriy},
  journal={Journal of Political Economy},
  volume={120},
  number={1},
  pages={116--159},
  year={2012},
  publisher={University of Chicago Press Chicago, IL}
}
@article{consoli2021emotions,
  title={{Emotions in Macroeconomic News and Their Impact on the European Bond Market}},
  author={Consoli, Sergio and Pezzoli, Luca Tiozzo and Tosetti, Elisa},
  journal={Journal of International Money and Finance},
  volume={118},
  pages={102472},
  year={2021},
  publisher={Elsevier}
}
@article{daehler2021emerging,
  title={{Emerging Markets Sovereign CDS Spreads During COVID-19: Economics Versus Epidemiology News}},
  author={Daehler, Timo B and Aizenman, Joshua and Jinjarak, Yothin},
  journal={Economic Modelling},
  volume={100},
  pages={105504},
  year={2021},
  publisher={Elsevier}
}
@article{david2022rewards,
  title={{The Rewards of Fiscal Consolidations: Sovereign Spreads and Confidence Effects}},
  author={David, Antonio C and Guajardo, Jaime and Y{\'e}pez, Juan F},
  journal={Journal of International Money and Finance},
  volume={123},
  pages={102602},
  year={2022},
  publisher={Elsevier}
}
@article{dauvin2016sovereign,
  title={{Sovereign Spreads in Emerging Economies: Do Natural Resources Matter?}},
  author={Dauvin, Magali},
  journal={Working Paper - University of Paris West-Nanterre la D{\'e}fense},
  volume={11},
  year={2016}
}
@TechReport{dipace2021terms,
  author={Di Pace, Federico and Juvenal, Luciana and Petrella, Ivan},
  title={{Terms-of-trade Shocks Are Not All Alike}},
  year=2021,
  month=Jan,
  institution={Bank of England},
  type={Bank of England working papers},
  url={https://ideas.repec.org/p/boe/boeewp/0901.html},
  number={901}
}
@article{dominguez2022global,
  title={{Global Commodity Markets and Sovereign Risk across 150 Years}},
  author={Dom{\'\i}nguez-Cardoza, Ang{\'e}lica and Garamow, Adelina and Meyer, Josefin},
  year={2022},
  volume={2020},
  journal={Discussion Paper, DIW Berlin, German Institute for Economic Research}
}
@article{drago2016impact,
  title={{The Impact and the Spillover Effect of a Sovereign Rating Announcement on the Euro Area CDS Market}},
  author={Drago, Danilo and Gallo, Raffaele},
  journal={Journal of International Money and Finance},
  volume={67},
  pages={264--286},
  year={2016},
  publisher={Elsevier}
}
@article{drechsel2018commodity,
  title={Commodity booms and busts in emerging economies},
  author={Drechsel, Thomas and Tenreyro, Silvana},
  journal={Journal of International Economics},
  volume={112},
  pages={200--218},
  year={2018},
  publisher={Elsevier}
}
@article{driscoll1998consistent,
  title={Consistent covariance matrix estimation with spatially dependent panel data},
  author={Driscoll, John C and Kraay, Aart C},
  journal={Review of economics and statistics},
  volume={80},
  number={4},
  pages={549--560},
  year={1998},
  publisher={MIT Press 238 Main St., Suite 500, Cambridge, MA 02142-1046, USA journals~…}
}
@article{drossidis2024distributional,
  title={The distributional effects of oil supply news shocks},
  author={Drossidis, Theo and Mumtaz, Haroon and Theophilopoulou, Angeliki},
  journal={Economics Letters},
  pages={111769},
  year={2024},
  publisher={Elsevier}
}
@article{dvorkin2020news,
  title={News, sovereign debt maturity, and default risk},
  author={Dvorkin, Maximiliano and S{\'a}nchez, Juan M and Sapriza, Horacio and Yurdagul, Emircan},
  journal={Journal of International Economics},
  volume={126},
  pages={103352},
  year={2020},
  publisher={Elsevier}
}
@article{elder2012impact,
  title={Impact of macroeconomic news on metal futures},
  author={Elder, John and Miao, Hong and Ramchander, Sanjay},
  journal={Journal of Banking \& Finance},
  volume={36},
  number={1},
  pages={51--65},
  year={2012},
  publisher={Elsevier}
}
@article{erlwein2018macroeconomic,
  title={Macroeconomic news sentiment: Enhanced risk assessment for sovereign bonds},
  author={Erlwein-Sayer, Christina},
  journal={Risks},
  volume={6},
  number={4},
  pages={141},
  year={2018},
  publisher={MDPI}
}
@article{ferreira2007does,
  title={Does sovereign debt ratings news spill over to international stock markets?},
  author={Ferreira, Miguel A and Gama, Paulo M},
  journal={Journal of Banking \& Finance},
  volume={31},
  number={10},
  pages={3162--3182},
  year={2007},
  publisher={Elsevier}
}
@article{fernandez2018sharing,
  title={Sharing a ride on the commodities roller coaster: Common factors in business cycles of emerging economies},
  author={Fern{\'a}ndez, Andr{\'e}s and Gonz{\'a}lez, Andr{\'e}s and Rodriguez, Diego},
  journal={Journal of International Economics},
  volume={111},
  pages={99--121},
  year={2018},
  publisher={Elsevier}
}
@article{filippidis2020oil,
  title={Oil price shocks and EMU sovereign yield spreads},
  author={Filippidis, Michail and Filis, George and Kizys, Renatas},
  journal={Energy Economics},
  volume={86},
  pages={104656},
  year={2020},
  publisher={Elsevier}
}
@article{fornero2016terms,
  title={Terms of trade shocks and investment in commodity-exporting economies},
  author={Fornero, Jorge A and Kirchner, Markus and Yany, Andr{\'e}s and others},
  year={2016},
  number={773},
  journal={Working Paper - Central Bank of Chile}
}
@article{frankel2013,
  title={On graduation from fiscal procyclicality},
  author={Frankel, Jeffrey A and Vegh, Carlos A and Vuletin, Guillermo},
  journal={Journal of Development Economics},
  volume={100},
  number={1},
  pages={32--47},
  year={2013},
  publisher={Elsevier}
}
@article{gande2005news,
  title={News spillovers in the sovereign debt market},
  author={Gande, Amar and Parsley, David C},
  journal={Journal of Financial Economics},
  volume={75},
  number={3},
  pages={691--734},
  year={2005},
  publisher={Elsevier}
}
@article{garcia2015dealing,
  title={Dealing with the Dutch disease: Fiscal rules and macro-prudential policies},
  author={Garc{\'\i}a-Cicco, Javier and Kawamura, Enrique},
  journal={Journal of International Money and Finance},
  volume={55},
  pages={205--239},
  year={2015},
  publisher={Elsevier}
}
@article{harvey2017,
title = {Long-Run Commodity Prices, Economic Growth, and Interest Rates: 17th Century to the Present Day},
journal = {World Development},
volume = {89},
pages = {57-70},
year = {2017},
author = {David I. Harvey and Neil M. Kellard and Jakob B. Madsen and Mark E. Wohar}
}
@article{Hilscher2010,
  author={Jens Hilscher and Yves Nosbusch},
  title={{Determinants of Sovereign Risk: Macroeconomic Fundamentals and the Pricing of Sovereign Debt}},
  journal={Review of Finance},
  year=2010,
  volume={14},
  number={2},
  pages={235-262}
}
@article{hooper2015oil,
  title={Oil and Gas, which is the Belle of the Ball? The Impact of Oil and Gas Reserves on Sovereign Risk},
  author={Hooper, Emma},
  year={2015},
  journal={Working Papers, Aix-Marseille School of Economics, France}
}
@techreport{IMF2012,
  author = {{International Monetary Fund}},
  title  = {Growth Resuming, Dangers Remain},
  month={April},
  year   = {2012},
  type   = {World Economic Outlook}
}
@techreport{IMF2015a,
  author = {{International Monetary Fund}},
  title  = {Now Is the Time: Fiscal Policies for Sustainable Growth},
  month = {April},
  year   = {2015},
  type   = {Fiscal Monitor}
}
@techreport{IMF2015b,
  author = {{International Monetary Fund}},
  title  = {The Commodities Roller Coaster: A Fiscal Framework For Uncertain Times},
  month = {October},
  year   = {2015},
  type   = {Fiscal {M}onitor},
  institution = {International Monetary Fund}
}
@inproceedings{inoue2023significance,
  title={Significance Bands for Local Projections},
  author={Inoue, Atsushi and Jord{\`a}, {\`O}scar and Kuersteiner, Guido M},
  year={2023},
  organization={Federal Reserve Bank of San Francisco}
}
@article{jorda2005estimation,
  title={Estimation and inference of impulse responses by local projections},
  author={Jord{\`a}, {\`O}scar},
  journal={American economic review},
  volume={95},
  number={1},
  pages={161--182},
  year={2005},
  publisher={American Economic Association}
}
@article{jorda2023local,
  title={Local Projections for Applied Economics},
  author={Jord{\`a}, {\`O}scar},
  journal={Annual Review of Economics},
  volume={15},
  pages={607--631},
  year={2023},
  publisher={Annual Reviews}
}
@article{kang4437039news,
  title={News Sentiment and Bond Risk Premia},
  author={Kang, Chang Mo and Kim, Donghyun and Park, Hoyoung},
  journal={Available at SSRN 4437039}
}
@article{kanzig2021macroeconomic,
  title={The macroeconomic effects of oil supply news: Evidence from OPEC announcements},
  author={K{\"a}nzig, Diego R},
  journal={American Economic Review},
  volume={111},
  number={4},
  pages={1092--1125},
  year={2021},
  publisher={American Economic Association 2014 Broadway, Suite 305, Nashville, TN 37203}
}
@article{kilian2014quantifying,
  title={Quantifying the speculative component in the real price of oil: The role of global oil inventories},
  author={Kilian, Lutz and Lee, Thomas K},
  journal={Journal of International Money and Finance},
  volume={42},
  pages={71--87},
  year={2014},
  publisher={Elsevier}
}
@article{kim2015role,
  title={The role of macroeconomic news in sovereign CDS markets: Domestic and spillover news effects from the US, the Eurozone and China},
  author={Kim, Suk-Joong and Salem, Leith and Wu, Eliza},
  journal={Journal of Financial Stability},
  volume={18},
  pages={208--224},
  year={2015},
  publisher={Elsevier}
}
@article{kitano2023effect,
  title={Effect of sovereign wealth funds in commodity-exporting economies when commodity prices affect interest spreads},
  author={Kitano, Shigeto and Takaku, Kenya},
  journal={Asian Economic Journal},
  volume={37},
  number={3},
  pages={267--292},
  year={2023},
  publisher={Wiley Online Library}
}
@article{kumar2024oil,
  title={Oil price dynamics in times of uncertainty: Revisiting the role of demand and supply shocks},
  author={Kumar, Abhishek and Mallick, Sushanta},
  journal={Energy Economics},
  volume={129},
  pages={107152},
  year={2024},
  publisher={Elsevier}
}
@article{li2021investor,
  title={Investor sentiment and sovereign bonds},
  author={Li, Yulin},
  journal={Journal of International Money and Finance},
  volume={115},
  pages={102388},
  year={2021},
  publisher={Elsevier}
}
@article{liu2022oil,
  title={Oil supply news shock and Chinese economy},
  author={Liu, Dandan and Wang, Qiaoyu and Yan, Karen Xueqing},
  journal={China Economic Review},
  volume={73},
  pages={101796},
  year={2022},
  publisher={Elsevier}
}
@article{longstaff2011sovereign,
  title={How sovereign is sovereign credit risk?},
  author={Longstaff, Francis A and Pan, Jun and Pedersen, Lasse H and Singleton, Kenneth J},
  journal={American Economic Journal: Macroeconomics},
  volume={3},
  number={2},
  pages={75--103},
  year={2011},
  publisher={American Economic Association}
}
@article{lopez2019commodity,
  title={Commodity price risk management and fiscal policy in a sovereign default model},
  author={Lopez-Martin, Bernabe and Leal, Julio and Fritscher, Andre Martinez},
  journal={Journal of International Money and Finance},
  volume={96},
  pages={304--323},
  year={2019},
  publisher={Elsevier}
}
@article{lu2021sovereign,
  title={Sovereign CDS Premiums’ Reaction to Macroeconomic News: An Empirical Investigation},
  author={Lu, Min and Passariello, Michele and Wang, Xing},
  journal={Complexity},
  volume={2021},
  pages={1--13},
  year={2021},
  publisher={Hindawi Limited}
}
@article{mendoza2012general,
  title={A general equilibrium model of sovereign default and business cycles},
  author={Mendoza, Enrique G and Yue, Vivian Z},
  journal={The Quarterly Journal of Economics},
  volume={127},
  number={2},
  pages={889--946},
  year={2012},
  publisher={Oxford University Press}
}
@TechReport{miyamoto2023oil,
  author={Wataru Miyamoto and Thuy Lan Nguyen and Dmitry Sergeyev},
  title={{How Oil Shocks Propagate: Evidence on the Monetary Policy Channel}},
  year=2023,
  month=Dec,
  institution={Federal Reserve Bank of San Francisco},
  type={Working Paper Series},
  url={https://ideas.repec.org/p/fip/fedfwp/97925.html},
  number={2024-06},
  abstract={Using high-frequency responses of oil futures prices to prominent oil market news, we estimate the effects of oil supply news shocks when systematic monetary policy is switched off by the zero lower bound (ZLB) and when it is not (normal periods) in Japan, the United Kingdom, and the United States. We find that negative oil supply news shocks are less contractionary (and even expansionary) at the ZLB compared to normal periods. Inflation expectations increase during both periods, while the short nominal interest rates remain constant at the ZLB, pointing to the importance of monetary policy for oil shock propagation.},
  keywords={oil price shocks; high-frequency identification; Zero Lower Bound (ZLB); monetary policy},
  doi={10.24148/wp2024-07},
}
@article{na2018twin,
  title={The twin ds: Optimal default and devaluation},
  author={Na, Seunghoon and Schmitt-Groh{\'e}, Stephanie and Uribe, Mart{\'\i}n and Yue, Vivian},
  journal={American Economic Review},
  volume={108},
  number={7},
  pages={1773--1819},
  year={2018},
  publisher={American Economic Association 2014 Broadway, Suite 305, Nashville, TN 37203}
}
@article{narayan2017oil,
  title={Are oil price news headlines statistically and economically significant for investors?},
  author={Narayan, Seema and Narayan, Paresh Kumar},
  journal={Journal of Behavioral Finance},
  volume={18},
  number={3},
  pages={258--270},
  year={2017},
  publisher={Taylor \& Francis}
}
@article{neumeyer2005business,
  title={Business cycles in emerging economies: the role of interest rates},
  author={Neumeyer, Pablo A and Perri, Fabrizio},
  journal={Journal of monetary Economics},
  volume={52},
  number={2},
  pages={345--380},
  year={2005},
  publisher={Elsevier}
}
@article{orlowski2017volatility,
  title={Volatility of commodity futures prices and market-implied inflation expectations},
  author={Orlowski, Lucjan T},
  journal={Journal of International Financial Markets, Institutions and Money},
  volume={51},
  pages={133--141},
  year={2017},
  publisher={Elsevier}
}
@article{ozatay2009emerging,
  title={Emerging market sovereign spreads, global financial conditions and US macroeconomic news},
  author={{\"O}zatay, Fatih and {\"O}zmen, Erdal and {\c{S}}ahinbeyo{\u{g}}lu, G{\"u}lbin},
  journal={Economic Modelling},
  volume={26},
  number={2},
  pages={526--531},
  year={2009},
  publisher={Elsevier}
}
@article{pavlova2018dynamic,
  title={A dynamic spillover analysis of crude oil effects on the sovereign credit risk of exporting countries},
  author={Pavlova, Ivelina and De Boyrie, Maria E and Parhizgari, Ali M},
  journal={The Quarterly Review of Economics and Finance},
  volume={68},
  pages={10--22},
  year={2018},
  publisher={Elsevier}
}
@article{petersen2008estimating,
  title={Estimating standard errors in finance panel data sets: Comparing approaches},
  author={Petersen, Mitchell A},
  journal={The Review of Financial Studies},
  volume={22},
  number={1},
  pages={435--480},
  year={2008},
  publisher={Society for Financial Studies}
}
@article{reinhart2011forgotten,
  title={The forgotten history of domestic debt},
  author={Reinhart, Carmen M and Rogoff, Kenneth S},
  journal={The Economic Journal},
  volume={121},
  number={552},
  pages={319--350},
  year={2011},
  publisher={Oxford University Press Oxford, UK}
}
@book{reinhart2009time,
  title={This time is different: Eight centuries of financial folly},
  author={Reinhart, Carmen M and Rogoff, Kenneth S},
  year={2009},
  publisher={Princeton University Press}
}
@article{reinhart2016global,
  title={Global cycles: Capital flows, commodities, and sovereign defaults, 1815--2015},
  author={Reinhart, Carmen M and Reinhart, Vincent and Trebesch, Christoph},
  journal={American Economic Review},
  volume={106},
  number={5},
  pages={574--580},
  year={2016},
  publisher={American Economic Association 2014 Broadway, Suite 305, Nashville, TN 37203}
}
@article{roch2019adjustment,
  title={The adjustment to commodity price shocks},
  author={Roch, Francisco},
  journal={Journal of Applied Economics},
  volume={22},
  number={1},
  pages={437--467},
  year={2019},
  publisher={Taylor \& Francis}
}
@article{sardar2024revisiting,
  title={Revisiting the relationship between oil supply news shocks and US economic activity: Role of the zero lower bound},
  author={Sardar, Naafey and Qureshi, Irfan},
  journal={Energy Economics},
  volume={132},
  pages={107470},
  year={2024},
  publisher={Elsevier}
}
@article{shahzad2017directional,
  title={Directional predictability from oil market uncertainty to sovereign credit spreads of oil-exporting countries: Evidence from rolling windows and crossquantilogram analysis},
  author={Shahzad, Syed Jawad Hussain and Naifar, Nader and Hammoudeh, Shawkat and Roubaud, David},
  journal={Energy Economics},
  volume={68},
  pages={327--339},
  year={2017},
  publisher={Elsevier}
}
@article{shousha2016macroeconomic,
  title={Macroeconomic effects of commodity booms and busts: The role of financial frictions},
  author={Shousha, Samer},
  year={2016},
  journal={Mimeo, Columbia University},
}
@article{sun2011identification,
  title={Identification of Driving Factors for Emerging Markets Sovereign Spreads},
  author={Sun, Edward W and Tenengauzer, Daniel and Bastani, Ali and Rezania, Omid},
  journal={Economics Bulletin},
  volume={31},
  number={3},
  pages={2584--2592},
  year={2011},
  publisher={AccessEcon}
}
@article{sun2020spillovers,
  title={Spillovers among sovereign CDS, stock and commodity markets: A correlation network perspective},
  author={Sun, Xiaolei and Wang, Jun and Yao, Yanzhen and Li, Jingyu and Li, Jianping},
  journal={International Review of Financial Analysis},
  volume={68},
  pages={101271},
  year={2020},
  publisher={Elsevier}
}
@article{sutton2002sovereign,
  title={Sovereign defaults: the role of volatility},
  author={Sutton, Bennett W and Cat{\~a}o, Luis},
  journal={IMF Working Papers},
  volume={2002},
  number={149},
  year={2002},
  publisher={International Monetary Fund}
}
@article{tran2021sovereign,
  title={Sovereign credit ratings during the COVID-19 pandemic},
  author={Tran, Yen and Vu, Huong and Klusak, Patrycja and Kraemer, Moritz and Hoang, Tri},
  journal={International Review of Financial Analysis},
  volume={78},
  pages={101879},
  year={2021},
  publisher={Elsevier}
}
@article{van2023impact,
  title={The impact of news on South African sovereign bond yields},
  author={van der Westhuizen, Elizabeth-Ann and Br{\"u}mmer, Leon Marx and van Schalkwyk, Cornelis Hendrik},
  journal={Investment Analysts Journal},
  pages={1--14},
  year={2023},
  publisher={Taylor \& Francis}
}
@article{wang2020sovereign,
  title={How do sovereign credit default swap spreads behave under extreme oil price movements? Evidence from G7 and BRICS countries},
  author={Wang, Jun and Sun, Xiaolei and Li, Jianping},
  journal={Finance Research Letters},
  volume={34},
  pages={101350},
  year={2020},
  publisher={Elsevier}
}
@article{wegener2016oil,
  title={Oil prices and sovereign credit risk of oil producing countries: an empirical investigation},
  author={Wegener, Christoph and Basse, Tobias and Kunze, Frederik and von Mettenheim, Hans-J{\"o}rg},
  journal={Quantitative Finance},
  volume={16},
  number={12},
  pages={1961--1968},
  year={2016},
  publisher={Taylor \& Francis}
}
@article{zhang2022tail,
  title={Tail risk transmission from commodity prices to sovereign risk of emerging economies},
  author={Zhang, Zhengyong and Shahzad, Syed Jawad Hussain and Bouri, Elie},
  journal={Resources Policy},
  volume={78},
  pages={102869},
  year={2022},
  publisher={Elsevier}
}
@article{alfaro2009optimal,
  title={Optimal reserve management and sovereign debt},
  author={Alfaro, Laura and Kanczuk, Fabio},
  journal={Journal of International Economics},
  volume={77},
  number={1},
  pages={23--36},
  year={2009},
  publisher={Elsevier}
}
@article{broner2013emerging,
  title={Why do emerging economies borrow short term?},
  author={Broner, Fernando A and Lorenzoni, Guido and Schmukler, Sergio L},
  journal={Journal of the European Economic Association},
  volume={11},
  number={suppl\_1},
  pages={67--100},
  year={2013},
  publisher={Oxford University Press}
}
@article{bianchi2018international,
  title={International reserves and rollover risk},
  author={Bianchi, Javier and Hatchondo, Juan Carlos and Martinez, Leonardo},
  journal={American Economic Review},
  volume={108},
  number={9},
  pages={2629--2670},
  year={2018},
  publisher={American Economic Association 2014 Broadway, Suite 305, Nashville, TN 37203}
}

@techreport{bianchi2020reserve,
  title={Reserve accumulation, macroeconomic stabilization, and sovereign risk},
  author={Bianchi, Javier and Sosa-Padilla, C{\'e}sar},
  year={2020},
  institution={National Bureau of Economic Research}
}

@techreport{devereux2022foreign,
  title={Foreign Reserves Management and Original Sin},
  author={Devereux, Michael B and Wu, Steve Pak Yeung},
  year={2022},
  institution={National Bureau of Economic Research}
}
@article{agenor2016optimal,
  title={Optimal fiscal management of commodity price shocks},
  author={Ag{\'e}nor, Pierre-Richard},
  journal={Journal of Development Economics},
  volume={122},
  pages={183--196},
  year={2016},
  publisher={Elsevier}
}
@article{james2022sovereign,
  title={Sovereign Wealth Funds in Theory and Practice},
  author={James, Alexander and Retting, Timothy and Shogren, Jason F and Watson, Brett and Wills, Samuel},
  journal={Annual Review of Resource Economics},
  volume={14},
  pages={621--646},
  year={2022},
  publisher={Annual Reviews}
}
@article{van2013absorbing,
  title={Absorbing a windfall of foreign exchange: Dutch disease dynamics},
  author={Van der Ploeg, Frederick and Venables, Anthony J},
  journal={Journal of Development Economics},
  volume={103},
  pages={229--243},
  year={2013},
  publisher={Elsevier}
}
@article{van2012natural,
  title={Natural resource wealth: The challenge of managing a windfall},
  author={Van der Ploeg, Frederick and Venables, Anthony J},
  journal={Annu. Rev. Econ.},
  volume={4},
  number={1},
  pages={315--337},
  year={2012},
  publisher={Annual Reviews}
}
@article{van2011harnessing,
  title={Harnessing windfall revenues: optimal policies for resource-rich developing economies},
  author={Van der Ploeg, Frederick and Venables, Anthony J},
  journal={The Economic Journal},
  volume={121},
  number={551},
  pages={1--30},
  year={2011},
  publisher={Oxford University Press Oxford, UK}
}
@article{hatchondo2009long,
  title={Long-duration bonds and sovereign defaults},
  author={Hatchondo, Juan Carlos and Martinez, Leonardo},
  journal={Journal of international Economics},
  volume={79},
  number={1},
  pages={117--125},
  year={2009},
  publisher={Elsevier}
}
@article{bigio2023debt,
  title={Debt-maturity management with liquidity costs},
  author={Bigio, Saki and Nuno, Galo and Passadore, Juan},
  journal={Journal of Political Economy Macroeconomics},
  volume={1},
  number={1},
  pages={000--000},
  year={2023},
  publisher={The University of Chicago Press Chicago, IL}
}
%------------------------------------------------------------------------------------------------------------